% Checked ISO names
@STRING{ADV_HEALTH_MAT    = "Adv. Healthc. Mater."}               % Advanced Healthcare Materials
@STRING{ADV_MAT           = "Adv. Mater."}                        % Advanced Materials
@STRING{Anaesthesia       = "Anaesthesia"}                        % Anaesthesia
@STRING{Arch-Psychiatr    = "Arch. Psychiatr. Nervenkr."}         % Archiv fur Psychiatrie und Nervenkrankheiten
@STRING{Biomed-Eng-Online = "Biomed. Eng. Online"}                % BioMedical Engineering Online
@STRING{Cardiol-J         = "Cardiol. J."}                        % Cardiology journal
@STRING{Circulation       = "Circulation"}                        % Circulation
@STRING{Comput-Biol-Med   = "Comput. Biol. Med."}                 % Computers in Biology and Medicine
@STRING{Clin-Neurophysiol = "Clin. Neurophysiol."}                % Clinical Neurophysiology
@STRING{ECN               = "Electroencephalogr. and Clin. Neurophysiol."} % Electroencephalography and Clinical Neurophysiology
@STRING{Eur-Heart-J     = "Eur. Heart J."}                        % European Heart Journal
@STRING{Exp-Brain-Res     = "Exp. Brain Res."}                    % Experimental Brain Research
@STRING{IEEE-J-AP         = "{IEEE} Trans. Antennas Propagat."}   % IEEE Transactions on Antennas and Propagation
@STRING{IEEE-J-BCS        = "IEEE Trans. Biomed. Circuits Syst."} % IEEE Transactions on Biomedical Circuits and Systems
@STRING{IEEE-J-BME        = "IEEE Trans. Biomed. Eng."}           % IEEE Transactions on Biomedical Engineering
@STRING{IEEE-J-CASII      = "IEEE Trans. Circuits Syst. {II}"}    % IEEE Transactions of Circuits and Systems II
@STRING{IEEE-JIOT         = "IEEE J. Internet of Things"}         % IEEE Internet of Things Journal
@STRING{IEEE-J-JSSC       = "IEEE J. Solid-State Circuits"}       % IEEE Journal of Solid-State Circuits
@STRING{IEEE-J-NSRE       = "IEEE Trans. Neural Syst. Rehab. Eng."} % IEEE Transactions on Neural Systems and Rehabilitation Engineering
@STRING{IEEE-J-MC         = "IEEE Trans. Mobile Computing"}		  % IEEE Transactions on Mobile Computing
@STRING{IEEE-J-NN         = "IEEE Trans. Neural Networks"}        % IEEE Transactions on Neural Networks
@STRING{IEEE-J-PROC       = "Proc. IEEE"}                         % Proceedings of the IEEE
@STRING{IEEE-J-SENSOR     = "IEEE Sensors J."}                    % IEEE Sensors Journal
@STRING{IEEE-J-SP         = "IEEE Trans. Signal Proc."}           % IEEE Transactions on Signal Processing
@STRING{IEEE-J-SMCC       = "IEEE Trans. Syst., Man, Cybern. {C}"}% IEEE Transactions on Systems, Man, and Cybernetics, Part C: Applications and Reviews
@STRING{IEEE-J-SSC        = "IEEE J. Solid-State Circuits"}       % IEEE Journal of Solid State Circuits
@STRING{IEEE-JSAC         = "IEEE J. Selected Areas in Comms."}    % IEEE Journal on Selected Areas in Communications
@STRING{IEEE-TITB         = "IEEE Trans. Inf. Technol. Biomed."} % IEEE Transactions on Information Technology in Biomedicine
@STRING{IEEE-J-VLSI       = "IEEE Trans. VLSI Syst."}             % IEEE Transactions on VLSI systems
@STRING{IEEE-M-EMB        = "IEEE Eng. Med. Biol. Mag."}          % IEEE Engineering in Medicine and Biology Magazine
@STRING{IEEE-M-SP         = "IEEE Signal Processing Mag."}        % IEEE Signal Processing Magazine
@STRING{IEEE-Proc         = "Proc. IEEE"}                         % Proceedings of the IEEE
@STRING{IEEE-R-BME        = "IEEE Rev. Biomed. Eng."}             % IEEE Reviews in Biomedical Engineering
@STRING{J-Clin-Eng        = "J. Clin. Eng."}                      % Journal of Clinical Engineering
@STRING{J-Clin-Neurophys  = "J. Clin. Neurophysiol."}             % Journal of Clinical Neurophysiology
@STRING{J-Med-Eng-Technol = "J. Med. Eng. Technol."}              % Journal of Medical Engineering & Technology
@STRING{J-Mater-Chem-C    = "J. Mater. Chem. C"}                  % Journal of Materials Chemistry C
@STRING{J-Neurophysiol    = "J. Neurophysiol."}                   % Journal of Neurophysiology
@STRING{J-Neurosci-Meth   = "J. Neurosci. Meth."}                 % Journal of Neuroscience Methods
@STRING{J-Nurs-Care-Qual  = "J. Nurs. Care-Qual."}                % Journal of Nursing Care Quality
@STRING{Meas-Sci-Tech     = "Meas. Sci. Technol."}                % Measurement Science and Technology
@STRING{Med-Biol-Eng-Comp = "Med. Biol. Eng. Comput."}            % Medical & Biological Engineering & Computing 
@STRING{Microsys-Technol  = "Microsys. Technol."}                 % Microsystem Technologies
@STRING{Nat-Commun        = "Nat. Commun."}                       % Nature Communications
@STRING{Neural-Comput-App = "Neural Comput. \& Applic."}          % Neural Computing \& Applications
@STRING{PLoS-One          = "PLoS One"}                           % Public Library of Science One
@STRING{PLoS-One-Med      = "PLoS Med"}							  % Public Library of Science One Medicine
@STRING{Phys-Sportsmed    = "Phys. Sportsmed."}                   % The Physician and Sportsmedicine
@STRING{Proc-Natl-Acad    = "Proc. Natl. Acad. Sci. U.S.A."}      % Proceedings of the National Academy of Sciences USA
@STRING{Science           = "Science"}                            % Science
@STRING{Sci-Rep           = "Sci. Rep."}                           % Scientific reports
@STRING{Sensors           = "Sensors"}                            % Sensors
@STRING{SENSOR-ACTUAT-A   = "Sensor Actuat.-A--Phys."}            % Sensors and Actuators A: Physical
@STRING{Sig-Proc          = "Sig. Proc."}                         % Signal Processing
@STRING{Sports-Med        = "Sports Med."}                        % Sports Medicine
@STRING{TAML              = "TAML"}                               % Theoretical and Applied Mechanics Letters

% Not checked names



