@INPROCEEDINGS{Vinay2017, 
author={R. Vinayakumar and K. P. Soman and P. Poornachandran}, 
booktitle={2017 International Conference on Advances in Computing, Communications and Informatics (ICACCI)}, 
title={Applying convolutional neural network for network intrusion detection}, 
year={2017}, 
volume={}, 
number={}, 
pages={1222-1228}, 
month={Sept},}

@INPROCEEDINGS{UNSW-dataset2015, 
author={N. Moustafa and J. Slay}, 
booktitle={2015 Military Communications and Information Systems Conference (MilCIS)}, 
title={UNSW-NB15: a comprehensive data set for network intrusion detection systems (UNSW-NB15 network data set)}, 
year={2015}, 
volume={}, 
number={}, 
pages={1-6}, 
month={Nov},}

@INPROCEEDINGS{Gao2014, 
author={N. Gao and L. Gao and Q. Gao and H. Wang}, 
booktitle={2014 Second International Conference on Advanced Cloud and Big Data}, 
title={An Intrusion Detection Model Based on Deep Belief Networks}, 
year={2014}, 
volume={}, 
number={}, 
pages={247-252}, 
month={Nov},}

@INPROCEEDINGS{potluri2016, 
author={S. Potluri and C. Diedrich}, 
booktitle={2016 IEEE 21st International Conference on Emerging Technologies and Factory Automation (ETFA)}, 
title={Accelerated deep neural networks for enhanced Intrusion Detection System}, 
year={2016}, 
volume={}, 
number={}, 
pages={1-8}, 
month={Sept},}

@misc{AWID,
      Title={AWID Dataset - wireless security datasets project},
   Year={2014},
   url={http://icsdweb.aegean.gr/awid/}
}

@INPROCEEDINGS{tavallaee2009, 
author={M. Tavallaee and E. Bagheri and W. Lu and A. A. Ghorbani}, 
booktitle={2009 IEEE Symposium on Computational Intelligence for Security and Defense Applications}, 
title={A detailed analysis of the KDD CUP 99 data set}, 
year={2009}, 
pages={1-6}, 
month={July},}

@inproceedings{Naoum2012,
  title={An Enhanced Resilient Backpropagation Artificial Neural Network for Intrusion Detection System},
  author={Reyadh Shaker Naoum and Namh Abdula Abid and Zainab Namh Al-Sultani},
  booktitle={ International Journal of Computer Science and Network Security}, 
    volume={12},
  number={1},
  year={2012},
  month={March},}

@inproceedings{Javaid2016,
 author = {Javaid, Ahmad and Niyaz, Quamar and Sun, Weiqing and Alam, Mansoor},
 title = {A Deep Learning Approach for Network Intrusion Detection System},
 booktitle = {Proceedings of the 9th EAI International Conference on Bio-inspired Information and Communications Technologies (Formerly BIONETICS)},
 series = {BICT'15},
 year = {2016},
 location = {New York City, United States},
 pages = {21-26},
 numpages = {6},
 acmid = {2954780},
 publisher = {ICST (Institute for Computer Sciences, Social-Informatics and Telecommunications Engineering)},
 address = {ICST, Brussels, Belgium},}

@article{LIU2018,
title = "CNN and RNN based payload classification methods for attack detection",
journal = "Knowledge-Based Systems",
year = "2018",
author = "Hongyu Liu and Bo Lang and Ming Liu and Hanbing Yan",
keywords = "Payload, Deep learning, End-to-end, Attack detection"
}

@ARTICLE{Shone2018, 
author={N. Shone and T. N. Ngoc and V. D. Phai and Q. Shi}, 
journal={IEEE Transactions on Emerging Topics in Computational Intelligence}, 
title={A Deep Learning Approach to Network Intrusion Detection}, 
year={2018}, 
volume={2}, 
number={1}, 
pages={41-50}, 
month={Feb},}

@article{Yisroel2018,
  author    = {Yisroel Mirsky and
               Tomer Doitshman and
               Yuval Elovici and
               Asaf Shabtai},
  title     = {Kitsune: An Ensemble of Autoencoders for Online Network Intrusion Detection},
  journal   = {CoRR},
  volume    = {1802.09089},
  year      = {2018},
  bibsource = {dblp computer science bibliography, https://dblp.org}
}
@article{kdd1999,
 author = {McHugh, John},
 title = {Testing Intrusion Detection Systems: A Critique of the 1998 and 1999 DARPA Intrusion Detection System Evaluations As Performed by Lincoln Laboratory},
 journal = {ACM Trans. Inf. Syst. Secur.},
 issue_date = {Nov. 2000},
 volume = {3},
 number = {4},
 month = nov,
 year = {2000},
 pages = {262--294},
 numpages = {33},
 acmid = {382923},
 publisher = {ACM},
 address = {New York, NY, USA},
} 
@InProceedings{Li2017,
author="Li, Zhipeng
and Qin, Zheng
and Huang, Kai
and Yang, Xiao
and Ye, Shuxiong",
editor="Liu, Derong
and Xie, Shengli
and Li, Yuanqing
and Zhao, Dongbin
and El-Alfy, El-Sayed M.",
title="Intrusion Detection Using Convolutional Neural Networks for Representation Learning",
booktitle="Neural Information Processing",
year="2017",
publisher="Springer International Publishing",
pages="858--866",

}
@article{dhanabal2015,
  title={A study on NSL-KDD dataset for intrusion detection system based on classification algorithms},
  author={Dhanabal, L and Shantharajah, SP},
  journal={International Journal of Advanced Research in Computer and Communication Engineering},
  volume={4},
  number={6},
  pages={446--452},
  year={2015}
}

@misc{NSLKDD,
title= "NSL-KDD dataset",
url="http://www.unb.ca/cic/datasets/nsl.html",
}
@InProceedings{salama2011,
author="Salama, Mostafa A.
and Eid, Heba F.
and Ramadan, Rabie A.
and Darwish, Ashraf
and Hassanien, Aboul Ella",
editor="Gaspar-Cunha, Ant{\'o}nio
and Takahashi, Ricardo
and Schaefer, Gerald
and Costa, Lino",
title="Hybrid Intelligent Intrusion Detection Scheme",
booktitle="Soft Computing in Industrial Applications",
year="2011",
publisher="Springer Berlin Heidelberg",
address="Berlin, Heidelberg",
pages="293--303",
}

@Article{Pandeeswari2016,
author="Pandeeswari, N.
and Kumar, Ganesh",
title="Anomaly Detection System in Cloud Environment Using Fuzzy Clustering Based ANN",
journal="Mobile Networks and Applications",
year="2016",
month="Jun",
day="01",
volume="21",
number="3",
pages="494--505",
}

@article{FIORE2013,
title = "Network anomaly detection with the restricted Boltzmann machine",
journal = "Neurocomputing",
volume = "122",
pages = "13 - 23",
year = "2013",
note = "Advances in cognitive and ubiquitous computing",
issn = "0925-2312",
author = "Ugo Fiore and Francesco Palmieri and Aniello Castiglione and Alfredo De Santis",}


@article{SOKOLOVA2009,
title = {A systematic analysis of performance measures for classification tasks},
journal = {Information Processing \& Management},
volume = {45},
number = {4},
pages = {427 - 437},
year = {2009},
author = {Marina Sokolova and Guy Lapalme},}

inproceedings{hardy2016,
  title={DL4MD: A deep learning framework for intelligent malware detection},
  author={Hardy, William and Chen, Lingwei and Hou, Shifu and Ye, Yanfang and Li, Xin},
  booktitle={Proceedings of the International Conference on Data Mining (DMIN)},
  pages={61},
  year={2016},
  organization={The Steering Committee of The World Congress in Computer Science, Computer Engineering and Applied Computing (WorldComp)}
}





@online{keras,
   Author={F. Chollet},
   Title={Keras: The Python Deep Learning library},
   Year={2013},
   url={https://keras.io/}
}
@misc{tensorflow2015-whitepaper,
title={ {TensorFlow}: Large-Scale Machine Learning on Heterogeneous Systems},
url={https://www.tensorflow.org/},
year={2015}}

@misc{tensorflowlite,
title= {TensorFlow Lite: A new mobile-specific library },
url={https://www.tensorflow.org/mobile/tflite/},
year={2017},}

@article{ABAWAJY2018,
title = "Identifying cyber threats to mobile-IoT applications in edge computing paradigm",
journal = "Future Generation Computer Systems",
year = "2018",

author = "Jemal Abawajy and Shamsul Huda and Shaila Sharmeen and Mohammad Mehedi Hassan and Ahmad Almogren",
}

@INPROCEEDINGS{Tang2016, 
author={T. A. Tang and L. Mhamdi and D. McLernon and S. A. R. Zaidi and M. Ghogho}, 
booktitle={2016 International Conference on Wireless Networks and Mobile Communications (WINCOM)}, 
title={Deep learning approach for Network Intrusion Detection in Software Defined Networking}, 
year={2016}, 
volume={}, 
number={}, 
pages={258-263}, 
month={Oct},}

@INPROCEEDINGS{Kaynar2017, 
author={O. Kaynar and A. G. Yüksek and Y. Görmez and Y. E. Işik}, 
booktitle={25th Signal Processing and Communications Applications Conference (SIU)}, 
title={Intrusion detection with autoencoder based deep learning machine}, 
year={2017},
month={May},
volume={}, 
number={}, 
pages={1-4}, 
}

@article{
ref:survey18,
  Author  = {
 Brian Lee and Sandhya Amaresh and Clifford Green and Daniel Engels}, year={2018}, 
 title={Comparative Study of Deep Learning Models for Network Intrusion Detection},
 Journal ={ SMU Data Science Review, Article 8},
 volume = "1",
number = "1", }

@article{
ref:ppWAN17,
   Author  = {Jindong Wang and Yiqiang Chen and Shuji Hao and Xiaohui Peng and Lisha Hu},
   Title   = {Deep Learning for Sensor-based Activity Recognition: A Survey},
   Journal = {arXiv preprint},
   Note    = {1707.03502},
   Year    = {2017}
}

@article {ref:Park2017,
title = "Network Intrusion Detection Using Stacked Denoising Autoencoder",
journal = "Advanced Science Letters",
year = "2017",
volume = "23",
number = "10",
pages = "9907-9911",
issn = "1936-6612",
doi = {doi:10.1166/asl.2017.9823},
author = {Park, Seongchul and Seo, Sanghyun and Kim, Juntae},
}


@article{RN90,
   author = {Aburomman, A. A. and Reaz, M. B.},
   title = {A survey of intrusion detection systems based on ensemble and hybrid classifiers},
   journal = {Computers & Security},
   volume = {65},
   pages = {135-152},
   ISSN = {0167-4048},
   url = {<Go to ISI>://WOS:000395225000010},
   year = {2017},
   type = {Journal Article}
}

@article{RN58,
   author = {Adibi, M. A. and Shahrabi, J.},
   title = {Online Anomaly Detection Based on Support Vector Clustering},
   journal = {International Journal of Computational Intelligence Systems},
   volume = {8},
   number = {4},
   pages = {735-746},
   ISSN = {1875-6891},
   url = {<Go to ISI>://WOS:000356304100001},
   year = {2015},
   type = {Journal Article}
}

@article{RN92,
   author = {Akyol, A. and Hacibeyoglu, M. and Karlik, B.},
   title = {Design of Multilevel Hybrid Classifier with Variant Feature Sets for Intrusion Detection System},
   journal = {Ieice Transactions on Information and Systems},
   volume = {E99d},
   number = {7},
   pages = {1810-1821},
   ISSN = {1745-1361},
   url = {<Go to ISI>://WOS:000381562700008},
   year = {2016},
   type = {Journal Article}
}

@article{RN62,
   author = {Albayati, M. and Issac, B.},
   title = {Analysis of Intelligent Classifiers and Enhancing the Detection Accuracy for Intrusion Detection System},
   journal = {International Journal of Computational Intelligence Systems},
   volume = {8},
   number = {5},
   pages = {841-853},
   ISSN = {1875-6891},
   url = {<Go to ISI>://WOS:000367878800001},
   year = {2015},
   type = {Journal Article}
}

@article{RN45,
   author = {Al-Yaseen, W. L. and Othman, Z. A. and Nazri, M. Z. A.},
   title = {Multi-level hybrid support vector machine and extreme learning machine based on modified K-means for intrusion detection system},
   journal = {Expert Systems with Applications},
   volume = {67},
   pages = {296-303},
   ISSN = {0957-4174},
   url = {<Go to ISI>://WOS:000386861600024},
   year = {2017},
   type = {Journal Article}
}

@article{RN26,
   author = {Aminanto, M. E. and Choi, R. and Tanuwidjaja, H. C. and Yoo, P. D. and Kim, K.},
   title = {Deep Abstraction and Weighted Feature Selection for Wi-Fi Impersonation Detection},
   journal = {Ieee Transactions on Information Forensics and Security},
   volume = {13},
   number = {3},
   pages = {621-636},
   ISSN = {1556-6013},
   url = {<Go to ISI>://WOS:000418723000006},
   year = {2018},
   type = {Journal Article}
}

@article{RN39,
   author = {Dash, T.},
   title = {A study on intrusion detection using neural networks trained with evolutionary algorithms},
   journal = {Soft Computing},
   volume = {21},
   number = {10},
   pages = {2687-2700},
   ISSN = {1432-7643},
   url = {<Go to ISI>://WOS:000400234600022},
   year = {2017},
   type = {Journal Article}
}

@article{RN28,
   author = {Duessel, P. and Gehl, C. and Flegel, U. and Dietrich, S. and Meier, M.},
   title = {Detecting zero-day attacks using context-aware anomaly detection at the application-layer},
   journal = {International Journal of Information Security},
   volume = {16},
   number = {5},
   pages = {475-490},
   ISSN = {1615-5262},
   url = {<Go to ISI>://WOS:000408629600002},
   year = {2017},
   type = {Journal Article}
}

@article{RN91,
   author = {Guo, C. and Ping, Y. and Liu, N. and Luo, S. S.},
   title = {A two-level hybrid approach for intrusion detection},
   journal = {Neurocomputing},
   volume = {214},
   pages = {391-400},
   ISSN = {0925-2312},
   url = {<Go to ISI>://WOS:000386741300038},
   year = {2016},
   type = {Journal Article}
}

@article{RN41,
   author = {Pajouh, H. H. and Dastghaibyfard, G. and Hashemi, S.},
   title = {Two-tier network anomaly detection model: a machine learning approach},
   journal = {Journal of Intelligent Information Systems},
   volume = {48},
   number = {1},
   pages = {61-74},
   ISSN = {0925-9902},
   url = {<Go to ISI>://WOS:000392337100003},
   year = {2017},
   type = {Journal Article}
}

@article{RN69,
   author = {Sheikhan, M. and Jadidi, Z. and Farrokhi, A.},
   title = {Intrusion detection using reduced-size RNN based on feature grouping},
   journal = {Neural Computing & Applications},
   volume = {21},
   number = {6},
   pages = {1185-1190},
   ISSN = {0941-0643},
   url = {<Go to ISI>://WOS:000307552600012},
   year = {2012},
   type = {Journal Article}
}

@article{RN38,
   author = {Siddique, K. and Akhtar, Z. and Lee, H. G. and Kim, W. and Kim, Y.},
   title = {Toward Bulk Synchronous Parallel-Based Machine Learning Techniques for Anomaly Detection in High-Speed Big Data Networks},
   journal = {Symmetry-Basel},
   volume = {9},
   number = {9},
   ISSN = {2073-8994},
   url = {<Go to ISI>://WOS:000411526000030},
   year = {2017},
   type = {Journal Article}
}

@article{RN47,
   author = {Singh, D. and Bedi, S. S.},
   title = {Multiclass ELM Based Smart Trustworthy IDS for MANETs},
   journal = {Arabian Journal for Science and Engineering},
   volume = {41},
   number = {8},
   pages = {3127-3137},
   ISSN = {2193-567x},
   url = {<Go to ISI>://WOS:000378946400028},
   year = {2016},
   type = {Journal Article}
}

@article{RN34,
   author = {Skrjanc, I. and Ozawa, S. and Ban, T. and Dovzan, D.},
   title = {Large-scale cyber attacks monitoring using Evolving Cauchy Possibilistic Clustering},
   journal = {Applied Soft Computing},
   volume = {62},
   pages = {592-601},
   ISSN = {1568-4946},
   url = {<Go to ISI>://WOS:000418333500042},
   year = {2018},
   type = {Journal Article}
}

@article{Tan2015,
   author = {Tan, Z. Y. and Jamdagni, A. and He, X. J. and Nanda, P. and Liu, R. P. and Hu, J. K.},
   title = {Detection of Denial-of-Service Attacks Based on Computer Vision Techniques},
   journal = {Ieee Transactions on Computers},
   volume = {64},
   number = {9},
   pages = {2519-2533},
   ISSN = {0018-9340},
   url = {<Go to ISI>://WOS:000359236500008},
   year = {2015},
   type = {Journal Article}
}

@article{RNvasudevan2016,
   author = {Vasudevan, A. R. and Selvakumar, S.},
   title = {Local outlier factor and stronger one class classifier based hierarchical model for detection of attacks in network intrusion detection dataset},
   journal = {Frontiers of Computer Science},
   volume = {10},
   number = {4},
   pages = {755-766},
   ISSN = {2095-2228},
   url = {<Go to ISI>://WOS:000379533100014},
   year = {2016},
   type = {Journal Article}
}

@article{RNVelea2017,
   author = {Velea, R. and Ciobanip, C. and Margarit, L. and Bica, I.},
   title = {Network Traffic Anomaly Detection Using Shallow Packet Inspection and Parallel K-means Data Clustering},
   journal = {Studies in Informatics and Control},
   volume = {26},
   number = {4},
   pages = {387-395},
   ISSN = {1220-1766},
   url = {<Go to ISI>://WOS:000423249900003},
   year = {2017},
   type = {Journal Article}
}

@article{RNXiang2016,
   author = {Xiang, Z. Y. and Xiao, Z. and Wang, D. and Georges, H. M.},
   title = {Incremental semi-supervised kernel construction with self-organizing incremental neural network and application in intrusion detection},
   journal = {Journal of Intelligent & Fuzzy Systems},
   volume = {31},
   number = {2},
   pages = {815-823},
   ISSN = {1064-1246},
   url = {<Go to ISI>://WOS:000381842400014},
   year = {2016},
   type = {Journal Article}
}

@article{RNyin2017,
   author = {Yin, C. L. and Zhu, Y. F. and Fei, J. L. and He, X. Z.},
   title = {A Deep Learning Approach for Intrusion Detection Using Recurrent Neural Networks},
   journal = {Ieee Access},
   volume = {5},
   pages = {21954-21961},
   ISSN = {2169-3536},
   url = {<Go to ISI>://WOS:000414734300006},
   year = {2017},
   type = {Journal Article}
}
@inproceedings{Li2015,
  title={A Hybrid Malicious Code Detection Method based on Deep Learning},
  author={Yuancheng Li and Rong Ma and Runhai Jiao},
  year={2015}
}
@inproceedings{Farah2018, 
author={F. Farahnakian and J. Heikkonen}, 
booktitle={2018 18th International Conference on Advanced Communication Technology}, 
title={A deep auto-encoder based approach for intrusion detection system}, 
year={2018}, 
pages={1-6}, 
month={Feb},}

@article{Mao2017,
  title={Routing or computing? the paradigm shift towards intelligent computer network packet transmission based on deep learning},
  author={Mao, Bomin and Fadlullah, Zubair Md and Tang, Fengxiao and Kato, Nei and Akashi, Osamu and Inoue, Takeru and Mizutani, Kimihiro},
  journal={IEEE Transactions on Computers},
  volume={66},
  number={11},
  pages={1946--1960},
  year={2017},
  publisher={IEEE}
}